


% -*- ES -*-
% **************************************************************************
%   ************** Bibliografia de la tesis doctoral ********************
% **************************************************************************

% Hay un ejemplo sobre como escribir cada tipo de cita, consultar si hay dudas



% ==========================================================================
@BOOK { William:2008,

AUTHOR = "William von Hagen",
TITLE = "Professional Xen Virtualization",
PUBLISHER = "Wiley Publishing, Inc",
YEAR = "2008"
}

% ==========================================================================
@BOOK { Allen:2014,

AUTHOR = "Lee Allen, Tedi Heriyanto, Shakeel Ali",
TITLE = "Kali Linux – Assuring Security by Penetration Testing",
PUBLISHER = "Packt Publishing",
YEAR = "2014"
}

% ==========================================================================
@BOOK { Shashank:2020,

AUTHOR = "Shashank Mohan Jain",
TITLE = "Linux Containers and Virtualization",
PUBLISHER = "Apress Media",
YEAR = "2020"
}

% ==========================================================================
@BOOK { Ivan:2014,

AUTHOR = "Ivan Ristić",
TITLE = "Bulletproof SSL and TLS",
PUBLISHER = "Feisty Duck",
YEAR = "2014"
}

% ==========================================================================
@BOOK { Luigi:2019,

AUTHOR = "Luigi Fugaro Mauro Vocale",
TITLE = "Hands-On Cloud-Native Microservices with Jakarta EE",
PUBLISHER = "Packt Publishing",
YEAR = "2019"
}

% ==========================================================================
@BOOK { Juned:2015,

AUTHOR = "Juned Ahmed Ansari",
TITLE = "Web Penetration Testing with Kali Linux, Second Edition",
PUBLISHER = "Packt Publishing",
YEAR = "2015"
}

% ==========================================================================
@BOOK { Mohuya:2021,

AUTHOR = "Mohuya Chakraborty - Moutushi Singh - Valentina E. Balas - Indraneel Mukhopadhyay",
TITLE = "The Essence of Network Security: An End-to-End Panorama",
PUBLISHER = "Springer Nature Singapore",
YEAR = "2021"
}

% ==========================================================================
@BOOK { Charles:2015,

AUTHOR = "Charles P. Pfleeger, Shari Lawrence Pfleeger, Jonathan Margulies",
TITLE = "Security in Computing, Fifth Edition",
PUBLISHER = "Pearson Education",
YEAR = "2015"
}

% ==========================================================================


@BOOK { Barry:2019,

AUTHOR = "Barry Pollard",
TITLE = "HTTP/2 in Action",
PUBLISHER = "Manning Publications",
YEAR = "2019"
}

% ==========================================================================

@BOOK { Stephen:2000,

AUTHOR = "Stephen A. Thomas",
TITLE = "SSL and TLS Essentials",
PUBLISHER = "John Wiley and Sons, Inc.",
YEAR = "2000"
}

% ==========================================================================
% ==========================================================================
@BOOK { RFC2660:1999,

AUTHOR = "RFC",
TITLE = "2660 The Secure HyperText Transfer Protocol",
PUBLISHER = "IETF",
YEAR = "1999"
}

% ==========================================================================
@BOOK { RFC7230:2014,

AUTHOR = "RFC",
TITLE = "7230 Hypertext Transfer Protocol (HTTP/1.1): Message Syntax and Routing",
PUBLISHER = "IETF",
YEAR = "2014"
}

% ==========================================================================
@BOOK { RFC8555:2019,

AUTHOR = "RFC",
TITLE = "8555 Automatic Certificate Management Environment (ACME)",
PUBLISHER = "IETF",
YEAR = "2019"
}

